@inproceedings{leslie2002mismatch,
	title={Mismatch string kernels for SVM protein classification},
	author={Leslie, Christina and Eskin, Eleazar and Weston, Jason and Noble, William Stafford},
	booktitle={NIPS},
	volume={15},
	pages={1441--1448},
	year={2002}
}

@article{zavaljevski2002support,
	title={Support vector machines with selective kernel scaling for protein classification and identification of key amino acid positions},
	author={Zavaljevski, Nela and Stevens, Fred J and Reifman, Jaques},
	journal={Bioinformatics},
	volume={18},
	number={5},
	pages={689--696},
	year={2002},
	publisher={Oxford Univ Press}
}

@article{cai2003svm,
	title={SVM-Prot: web-based support vector machine software for functional classification of a protein from its primary sequence},
	author={Cai, CZ and Han, LY and Ji, Zhi Liang and Chen, X and Chen, Yu Zong},
	journal={Nucleic acids research},
	volume={31},
	number={13},
	pages={3692--3697},
	year={2003},
	publisher={Oxford Univ Press}
}


@article{murzin1995scop,
	title={SCOP: a structural classification of proteins database for the investigation of sequences and structures},
	author={Murzin, Alexey G and Brenner, Steven E and Hubbard, Tim and Chothia, Cyrus},
	journal={Journal of molecular biology},
	volume={247},
	number={4},
	pages={536--540},
	year={1995},
	publisher={Elsevier}
}

@article{cortes1995support,
	title={Support-vector networks},
	author={Cortes, Corinna and Vapnik, Vladimir},
	journal={Machine learning},
	volume={20},
	number={3},
	pages={273--297},
	year={1995},
	publisher={Springer}
}

@article{hsu2003practical,
	title={A practical guide to support vector classification},
	author={Hsu, Chih-Wei and Chang, Chih-Chung and Lin, Chih-Jen and others},
	year={2003}
}

@article{CC01a,
	author = {Chang, Chih-Chung and Lin, Chih-Jen},
	title = {{LIBSVM}: A library for support vector machines},
	journal = {ACM Transactions on Intelligent Systems and Technology},
	volume = {2},
	issue = {3},
	year = {2011},
	pages = {27:1--27:27},
	note =	 {Software available at \url{http://www.csie.ntu.edu.tw/~cjlin/libsvm}}
}
