@article{jain2000statistical,
	title={Statistical pattern recognition: A review},
	author={Jain, Anil K and Duin, Robert P. W. and Mao, Jianchang},
	journal={IEEE Transactions on pattern analysis and machine intelligence},
	volume={22},
	number={1},
	pages={4--37},
	year={2000},
	publisher={IEEE}
}

@misc{curse_dimensionality_website,
	title = {The Curse of Dimensionality in classification},
	howpublished = {\url{http://www.visiondummy.com/2014/04/curse-dimensionality-affect-classification/}},
	note = {Accessed: 2017-02-28}
}

@article{hira2015review,
	title={A review of feature selection and feature extraction methods applied on microarray data},
	author={Hira, Zena M and Gillies, Duncan F},
	journal={Advances in bioinformatics},
	volume={2015},
	year={2015},
	publisher={Hindawi Publishing Corporation}
}

@article{kramer1992autoassociative,
	title={Autoassociative neural networks},
	author={Kramer, Mark A},
	journal={Computers \& chemical engineering},
	volume={16},
	number={4},
	pages={313--328},
	year={1992},
	publisher={Elsevier}
}

@article{fabius2014variational,
	title={Variational recurrent auto-encoders},
	author={Fabius, Otto and van Amersfoort, Joost R},
	journal={arXiv preprint arXiv:1412.6581},
	year={2014}
}

@article{cho2014learning,
	title={Learning phrase representations using RNN encoder-decoder for statistical machine translation},
	author={Cho, Kyunghyun and Van Merri{\"e}nboer, Bart and Gulcehre, Caglar and Bahdanau, Dzmitry and Bougares, Fethi and Schwenk, Holger and Bengio, Yoshua},
	journal={arXiv preprint arXiv:1406.1078},
	year={2014}
}

@article{marchi2017deep,
	title={Learning phrase representations using RNN encoder-decoder for statistical machine translation},
	author={Marchi, Erik and Vesperini, Fabio and Squartini, Stefano and Schuller, Bjorn},
	journal={Computational Intelligence and Neuroscience},
	volume={2017},
	year={2017}
}

@article{lawrence1997face,
	title={Face recognition: A convolutional neural-network approach},
	author={Lawrence, Steve and Giles, C Lee and Tsoi, Ah Chung and Back, Andrew D},
	journal={IEEE transactions on neural networks},
	volume={8},
	number={1},
	pages={98--113},
	year={1997},
	publisher={IEEE}
}

@inproceedings{masci2011stacked,
	title={Stacked convolutional auto-encoders for hierarchical feature extraction},
	author={Masci, Jonathan and Meier, Ueli and Cire{\c{s}}an, Dan and Schmidhuber, J{\"u}rgen},
	booktitle={International Conference on Artificial Neural Networks},
	pages={52--59},
	year={2011},
	organization={Springer}
}

@inproceedings{kvascev2012radial,
	title={Radial basis function network based feature extraction for improvement the procedure of sourcing neolithic ceramics},
	author={Kvascev, Goran and Kvascev, Maja Gajic and Djurovic, Zeljko},
	booktitle={Neural Network Applications in Electrical Engineering (NEUREL), 2012 11th Symposium on},
	pages={95--100},
	year={2012},
	organization={IEEE}
}

@article{vincent2010stacked,
	title={Stacked denoising autoencoders: Learning useful representations in a deep network with a local denoising criterion},
	author={Vincent, Pascal and Larochelle, Hugo and Lajoie, Isabelle and Bengio, Yoshua and Manzagol, Pierre-Antoine},
	journal={Journal of Machine Learning Research},
	volume={11},
	number={Dec},
	pages={3371--3408},
	year={2010}
}

@inproceedings{ngiam2011optimization,
	title={On optimization methods for deep learning},
	author={Ngiam, Jiquan and Coates, Adam and Lahiri, Ahbik and Prochnow, Bobby and Le, Quoc V and Ng, Andrew Y},
	booktitle={Proceedings of the 28th International Conference on Machine Learning (ICML-11)},
	pages={265--272},
	year={2011}
}

@inproceedings{rifai2011contractive,
	title={Contractive auto-encoders: Explicit invariance during feature extraction},
	author={Rifai, Salah and Vincent, Pascal and Muller, Xavier and Glorot, Xavier and Bengio, Yoshua},
	booktitle={Proceedings of the 28th international conference on machine learning (ICML-11)},
	pages={833--840},
	year={2011}
}

@article{kohonen1995self,
	title={Self-Organising Maps},
	author={Kohonen, Teuvo},
	year={1995},
	journal={Springer Series in Information Science},
	volume={30, Berlin},
}

@article{villmann1997topology,
	title={Topology preservation in self-organizing feature maps: exact definition and measurement},
	author={Villmann, Thomas and Der, Ralf and Herrmann, Michael and Martinetz, Thomas M},
	journal={IEEE Transactions on Neural Networks},
	volume={8},
	number={2},
	pages={256--266},
	year={1997},
	publisher={IEEE}
}

@unpublished{barata_saes_presentation,
	title={Stacked Autoencoders},
	author= {Barata, Ricardo},
	year={2017},
	note={Lecture. Advanced Topics in Cognitive Models. University of Coimbra}
}

@book{nielsen2015neural,
	title={Neural Networks and Deep Learning},
	author={Nielsen, Michael A.},
	year={2015},
	publisher={Determination Press}
}

